@article{kramer:17,
  title={A batching-move iterated local search algorithm for the bin packing problem with generalized precedence constraints},
  author={Kramer, Raphael and Dell'Amico, Mauro and Iori, Manuel},
  journal={International Journal of Production Research},
  volume={55},
  number={21},
  pages={6288--6304},
  year={2017},
  publisher={Taylor \& Francis}
}

@article{dell2012bin,
  title={The bin packing problem with precedence constraints},
  author={Dell'Amico, Mauro and D{\'\i}az, Jos{\'e} Carlos D{\'\i}az and Iori, Manuel},
  journal={Operations Research},
  volume={60},
  number={6},
  pages={1491--1504},
  year={2012},
  publisher={INFORMS}
}

@article{pereira:16,
  title={Procedures for the bin packing problem with precedence constraints},
  author={Pereira, Jordi},
  journal={European Journal of Operational Research},
  volume=250,
  number=3,
  pages={794--806},
  year=2016,
  publisher={Elsevier}
}

@article{lalaoui:18,
  title={A Fuzzy generalized simulated annealing for a simple assembly line balancing problem},
  author={Lalaoui, Mohamed and El Afia, Abdellatif},
  journal={IFAC-PapersOnLine},
  volume={51},
  number={32},
  pages={600--605},
  year={2018},
  publisher={Elsevier}
}

@article{otto2013systematic,
  title={Systematic data generation and test design for solution algorithms on the example of SALBPGen for assembly line balancing},
  author={Otto, Alena and Otto, Christian and Scholl, Armin},
  journal={European Journal of Operational Research},
  volume={228},
  number={1},
  pages={33--45},
  year={2013},
  publisher={Elsevier}
}
